<record><leader>00000cas a22000007a 4500</leader><controlfield tag="001">20702245</controlfield><controlfield tag="008">891128d19211941ohuwr ne      0    0eng d</controlfield><datafield ind1=" " ind2=" " tag="010"><subfield code="a">sn 89075117 </subfield></datafield><datafield ind1=" " ind2=" " tag="040"><subfield code="a">ONP</subfield><subfield code="b">eng</subfield><subfield code="c">ONP</subfield><subfield code="d">OCLCQ</subfield></datafield><datafield ind1=" " ind2=" " tag="042"><subfield code="a">msc</subfield></datafield><datafield ind1="0" ind2="4" tag="245"><subfield code="a">The Liberty Center press.</subfield></datafield><datafield ind1=" " ind2=" " tag="260"><subfield code="a">Liberty Center, Ohio :</subfield><subfield code="b">D.S. &amp; J.S. Mires,</subfield><subfield code="c">-1941.</subfield></datafield><datafield ind1=" " ind2=" " tag="300"><subfield code="a">v.</subfield></datafield><datafield ind1=" " ind2=" " tag="310"><subfield code="a">Weekly</subfield></datafield><datafield ind1="0" ind2=" " tag="362"><subfield code="a">Vol. 35, no. 38 (June 23, 1921)-v. 55, no. 30 (Apr. 3, 1941).</subfield></datafield><datafield ind1=" " ind2=" " tag="752"><subfield code="a">United States</subfield><subfield code="b">Ohio</subfield><subfield code="c">Henry</subfield><subfield code="d">Liberty Center.</subfield></datafield><datafield ind1="0" ind2="0" tag="780"><subfield code="t">Liberty press (Liberty Center, Ohio : 1881)</subfield><subfield code="w">(DLC)sn 87076675</subfield></datafield><datafield ind1="0" ind2="0" tag="785"><subfield code="t">Liberty press (Liberty Center, Ohio : 1941)</subfield><subfield code="w">(DLC)sn 89075104</subfield></datafield></record>